% Encoding: UTF-8
﻿

@Article{Melson2019,
  author        = {{Melson}, Tobias and {Janka}, H. -Thomas},
  title         = {{Resolution Study for Three-dimensional Supernova Simulations with the Prometheus-Vertex Code}},
  journal       = {arXiv e-prints},
  year          = {2019},
  pages         = {arXiv:1904.01699},
  month         = {Apr},
  adsnote       = {Provided by the SAO/NASA Astrophysics Data System},
  adsurl        = {https://ui.adsabs.harvard.edu/abs/2019arXiv190401699M},
  archiveprefix = {arXiv},
  eid           = {arXiv:1904.01699},
  eprint        = {1904.01699},
  keywords      = {Astrophysics - High Energy Astrophysical Phenomena},
  primaryclass  = {astro-ph.HE},
}

@Article{Mueller2019,
  author        = {{M{\"u}ller}, Bernhard and {Tauris}, Thomas M. and {Heger}, Alexander and {Banerjee}, Projjwal and {Qian}, Yong-Zhong and {Powell}, Jade and {Chan}, Conrad and {Gay}, Daniel W. and {Langer}, Norbert},
  title         = {{Three-dimensional simulations of neutrino-driven core-collapse supernovae from low-mass single and binary star progenitors}},
  journal       = {\mnras},
  year          = {2019},
  volume        = {484},
  number        = {3},
  pages         = {3307-3324},
  month         = {Apr},
  adsnote       = {Provided by the SAO/NASA Astrophysics Data System},
  adsurl        = {https://ui.adsabs.harvard.edu/abs/2019MNRAS.484.3307M},
  archiveprefix = {arXiv},
  doi           = {10.1093/mnras/stz216},
  eprint        = {1811.05483},
  keywords      = {stars: massive, stars: neutron, supernovae: general, Astrophysics - Solar and Stellar Astrophysics, Astrophysics - High Energy Astrophysical Phenomena},
  primaryclass  = {astro-ph.SR},
}

@Article{Glas2019,
  author        = {{Glas}, Robert and {Just}, Oliver and {Janka}, H. -Thomas and {Obergaulinger}, Martin},
  title         = {{Three-dimensional Core-collapse Supernova Simulations with Multidimensional Neutrino Transport Compared to the Ray-by-ray-plus Approximation}},
  journal       = {\apj},
  year          = {2019},
  volume        = {873},
  number        = {1},
  pages         = {45},
  month         = {Mar},
  adsnote       = {Provided by the SAO/NASA Astrophysics Data System},
  adsurl        = {https://ui.adsabs.harvard.edu/abs/2019ApJ...873...45G},
  archiveprefix = {arXiv},
  doi           = {10.3847/1538-4357/ab0423},
  eid           = {45},
  eprint        = {1809.10146},
  keywords      = {convection, hydrodynamics, instabilities, methods: numerical, neutrinos, supernovae: general, Astrophysics - High Energy Astrophysical Phenomena},
  primaryclass  = {astro-ph.HE},
}

@Article{Mueller2018,
  author        = {{M{\"u}ller}, Bernhard and {Gay}, Daniel W. and {Heger}, Alexander and {Tauris}, Thomas M. and {Sim}, Stuart A.},
  title         = {{Multidimensional simulations of ultrastripped supernovae to shock breakout}},
  journal       = {\mnras},
  year          = {2018},
  volume        = {479},
  number        = {3},
  pages         = {3675-3689},
  month         = {Sep},
  adsnote       = {Provided by the SAO/NASA Astrophysics Data System},
  adsurl        = {https://ui.adsabs.harvard.edu/abs/2018MNRAS.479.3675M},
  archiveprefix = {arXiv},
  doi           = {10.1093/mnras/sty1683},
  eprint        = {1803.03388},
  keywords      = {binaries: close, stars: evolution, stars: massive, stars: neutron, supernovae: general, Astrophysics - Solar and Stellar Astrophysics, Astrophysics - High Energy Astrophysical Phenomena},
  primaryclass  = {astro-ph.SR},
}

@Article{Gessner2018,
  author        = {{Gessner}, Alexandra and {Janka}, Hans-Thomas},
  title         = {{Hydrodynamical Neutron-star Kicks in Electron-capture Supernovae and Implications for the CRAB Supernova}},
  journal       = {\apj},
  year          = {2018},
  volume        = {865},
  number        = {1},
  pages         = {61},
  month         = {Sep},
  adsnote       = {Provided by the SAO/NASA Astrophysics Data System},
  adsurl        = {https://ui.adsabs.harvard.edu/abs/2018ApJ...865...61G},
  archiveprefix = {arXiv},
  doi           = {10.3847/1538-4357/aadbae},
  eid           = {61},
  eprint        = {1802.05274},
  keywords      = {hydrodynamics, instabilities, neutrinos, stars: neutron, supernovae: general, supernovae: individual: Crab, Astrophysics - High Energy Astrophysical Phenomena, High Energy Physics - Phenomenology},
  primaryclass  = {astro-ph.HE},
}

@Article{Vartanyan2018,
  author        = {{Vartanyan}, David and {Burrows}, Adam and {Radice}, David and {Skinner}, M. Aaron and {Dolence}, Joshua},
  title         = {{Revival of the fittest: exploding core-collapse supernovae from 12 to 25 M$_{☉}$}},
  journal       = {\mnras},
  year          = {2018},
  volume        = {477},
  number        = {3},
  pages         = {3091-3108},
  month         = {Jul},
  adsnote       = {Provided by the SAO/NASA Astrophysics Data System},
  adsurl        = {https://ui.adsabs.harvard.edu/abs/2018MNRAS.477.3091V},
  archiveprefix = {arXiv},
  doi           = {10.1093/mnras/sty809},
  eprint        = {1801.08148},
  keywords      = {stars: general, supernovae: general, Astrophysics - High Energy Astrophysical Phenomena},
  primaryclass  = {astro-ph.HE},
}

@Article{Wanajo2018,
  author        = {{Wanajo}, Shinya and {M{\"u}ller}, Bernhard and {Janka}, Hans-Thomas and {Heger}, Alexander},
  title         = {{Nucleosynthesis in the Innermost Ejecta of Neutrino-driven Supernova Explosions in Two Dimensions}},
  journal       = {\apj},
  year          = {2018},
  volume        = {852},
  number        = {1},
  pages         = {40},
  month         = {Jan},
  adsnote       = {Provided by the SAO/NASA Astrophysics Data System},
  adsurl        = {https://ui.adsabs.harvard.edu/abs/2018ApJ...852...40W},
  archiveprefix = {arXiv},
  doi           = {10.3847/1538-4357/aa9d97},
  eid           = {40},
  eprint        = {1701.06786},
  keywords      = {nuclear reactions, nucleosynthesis, abundances, stars: abundances, stars: neutron, supernovae: general, Astrophysics - Solar and Stellar Astrophysics, Astrophysics - High Energy Astrophysical Phenomena},
  primaryclass  = {astro-ph.SR},
}

@Article{Mueller2017,
  author        = {{M{\"u}ller}, Bernhard and {Melson}, Tobias and {Heger}, Alexander and {Janka}, Hans-Thomas},
  title         = {{Supernova simulations from a 3D progenitor model - Impact of perturbations and evolution of explosion properties}},
  journal       = {\mnras},
  year          = {2017},
  volume        = {472},
  number        = {1},
  pages         = {491-513},
  month         = {Nov},
  adsnote       = {Provided by the SAO/NASA Astrophysics Data System},
  adsurl        = {https://ui.adsabs.harvard.edu/abs/2017MNRAS.472..491M},
  archiveprefix = {arXiv},
  doi           = {10.1093/mnras/stx1962},
  eprint        = {1705.00620},
  keywords      = {convection, hydrodynamics, turbulence, stars: massive, supernovae: general, Astrophysics - Solar and Stellar Astrophysics, Astrophysics - High Energy Astrophysical Phenomena},
  primaryclass  = {astro-ph.SR},
}

@Article{Wongwathanarat2017,
  author        = {{Wongwathanarat}, Annop and {Janka}, Hans-Thomas and {M{\"u}ller}, Ewald and {Pllumbi}, Else and {Wanajo}, Shinya},
  title         = {{Production and Distribution of $^{44}$Ti and $^{56}$Ni in a Three-dimensional Supernova Model Resembling Cassiopeia A}},
  journal       = {\apj},
  year          = {2017},
  volume        = {842},
  number        = {1},
  pages         = {13},
  month         = {Jun},
  adsnote       = {Provided by the SAO/NASA Astrophysics Data System},
  adsurl        = {https://ui.adsabs.harvard.edu/abs/2017ApJ...842...13W},
  archiveprefix = {arXiv},
  doi           = {10.3847/1538-4357/aa72de},
  eid           = {13},
  eprint        = {1610.05643},
  keywords      = {hydrodynamics, instabilities, neutrinos, nuclear reactions, nucleosynthesis, abundances, supernovae: general, supernovae: individual: Cas A, Astrophysics - High Energy Astrophysical Phenomena, Astrophysics - Solar and Stellar Astrophysics, High Energy Physics - Phenomenology, Nuclear Theory},
  primaryclass  = {astro-ph.HE},
}

@Article{Ertl2016,
  author        = {{Ertl}, T. and {Janka}, H. -Th. and {Woosley}, S.~E. and {Sukhbold}, T. and {Ugliano}, M.},
  title         = {{A Two-parameter Criterion for Classifying the Explodability of Massive Stars by the Neutrino-driven Mechanism}},
  journal       = {\apj},
  year          = {2016},
  volume        = {818},
  number        = {2},
  pages         = {124},
  month         = {Feb},
  adsnote       = {Provided by the SAO/NASA Astrophysics Data System},
  adsurl        = {https://ui.adsabs.harvard.edu/abs/2016ApJ...818..124E},
  archiveprefix = {arXiv},
  doi           = {10.3847/0004-637X/818/2/124},
  eid           = {124},
  eprint        = {1503.07522},
  keywords      = {hydrodynamics, neutrinos, stars: massive, supernovae: general, Astrophysics - Solar and Stellar Astrophysics, Astrophysics - High Energy Astrophysical Phenomena, Nuclear Theory},
  primaryclass  = {astro-ph.SR},
}

@Article{Woosley2015,
  author        = {{Woosley}, S.~E. and {Heger}, Alexander},
  title         = {{The Remarkable Deaths of 9-11 Solar Mass Stars}},
  journal       = {\apj},
  year          = {2015},
  volume        = {810},
  number        = {1},
  pages         = {34},
  month         = {Sep},
  adsnote       = {Provided by the SAO/NASA Astrophysics Data System},
  adsurl        = {https://ui.adsabs.harvard.edu/abs/2015ApJ...810...34W},
  archiveprefix = {arXiv},
  doi           = {10.1088/0004-637X/810/1/34},
  eid           = {34},
  eprint        = {1505.06712},
  keywords      = {nuclear reactions, nucleosynthesis, abundances, stars: evolution, stars: massive, supernovae: general, supernovae: individual: Crab, Astrophysics - Solar and Stellar Astrophysics},
  primaryclass  = {astro-ph.SR},
}

@Article{Melson2015,
  author        = {{Melson}, Tobias and {Janka}, Hans-Thomas and {Bollig}, Robert and {Hanke}, Florian and {Marek}, Andreas and {M{\"u}ller}, Bernhard},
  title         = {{Neutrino-driven Explosion of a 20 Solar-mass Star in Three Dimensions Enabled by Strange-quark Contributions to Neutrino-Nucleon Scattering}},
  journal       = {\apj},
  year          = {2015},
  volume        = {808},
  number        = {2},
  pages         = {L42},
  month         = {Aug},
  adsnote       = {Provided by the SAO/NASA Astrophysics Data System},
  adsurl        = {https://ui.adsabs.harvard.edu/abs/2015ApJ...808L..42M},
  archiveprefix = {arXiv},
  doi           = {10.1088/2041-8205/808/2/L42},
  eid           = {L42},
  eprint        = {1504.07631},
  keywords      = {hydrodynamics, instabilities, neutrinos, supernovae: general, Astrophysics - Solar and Stellar Astrophysics, High Energy Physics - Phenomenology, Nuclear Theory},
  primaryclass  = {astro-ph.SR},
}

@Article{Wongwathanarat2015,
  author        = {{Wongwathanarat}, A. and {M{\"u}ller}, E. and {Janka}, H. -Th.},
  title         = {{Three-dimensional simulations of core-collapse supernovae: from shock revival to shock breakout}},
  journal       = {\aap},
  year          = {2015},
  volume        = {577},
  pages         = {A48},
  month         = {May},
  adsnote       = {Provided by the SAO/NASA Astrophysics Data System},
  adsurl        = {https://ui.adsabs.harvard.edu/abs/2015A&A...577A..48W},
  archiveprefix = {arXiv},
  doi           = {10.1051/0004-6361/201425025},
  eid           = {A48},
  eprint        = {1409.5431},
  keywords      = {supernovae: general, hydrodynamics, stars: massive, Astrophysics - High Energy Astrophysical Phenomena, Astrophysics - Solar and Stellar Astrophysics},
  primaryclass  = {astro-ph.HE},
}

@Article{Melson2015a,
  author        = {{Melson}, Tobias and {Janka}, Hans-Thomas and {Marek}, Andreas},
  title         = {{Neutrino-driven Supernova of a Low-mass Iron-core Progenitor Boosted by Three-dimensional Turbulent Convection}},
  journal       = {\apj},
  year          = {2015},
  volume        = {801},
  number        = {2},
  pages         = {L24},
  month         = {Mar},
  adsnote       = {Provided by the SAO/NASA Astrophysics Data System},
  adsurl        = {https://ui.adsabs.harvard.edu/abs/2015ApJ...801L..24M},
  archiveprefix = {arXiv},
  doi           = {10.1088/2041-8205/801/2/L24},
  eid           = {L24},
  eprint        = {1501.01961},
  keywords      = {hydrodynamics, instabilities, neutrinos, supernovae: general, Astrophysics - Solar and Stellar Astrophysics, Astrophysics - High Energy Astrophysical Phenomena, Nuclear Theory},
  primaryclass  = {astro-ph.SR},
}

@Article{Smith2013,
  author        = {{Smith}, Nathan},
  title         = {{The Crab nebula and the class of Type IIn-P supernovae caused by sub-energetic electron-capture explosions}},
  journal       = {\mnras},
  year          = {2013},
  volume        = {434},
  number        = {1},
  pages         = {102-113},
  month         = {Sep},
  adsnote       = {Provided by the SAO/NASA Astrophysics Data System},
  adsurl        = {https://ui.adsabs.harvard.edu/abs/2013MNRAS.434..102S},
  archiveprefix = {arXiv},
  doi           = {10.1093/mnras/stt1004},
  eprint        = {1304.0689},
  keywords      = {circumstellar matter, stars: evolution, stars: mass-loss, supernovae: individual: SN 1994W, supernovae: individual: SN 2009kn, supernovae: individual: SN 2011ht, Astrophysics - High Energy Astrophysical Phenomena, Astrophysics - Solar and Stellar Astrophysics},
  primaryclass  = {astro-ph.HE},
}

@Article{Jones2013,
  author        = {{Jones}, S. and {Hirschi}, R. and {Nomoto}, K. and {Fischer}, T. and {Timmes}, F.~X. and {Herwig}, F. and {Paxton}, B. and {Toki}, H. and {Suzuki}, T. and {Mart{\'\i}nez-Pinedo}, G. and {Lam}, Y.~H. and {Bertolli}, M.~G.},
  title         = {{Advanced Burning Stages and Fate of 8-10 M $_{☉}$ Stars}},
  journal       = {\apj},
  year          = {2013},
  volume        = {772},
  number        = {2},
  pages         = {150},
  month         = {Aug},
  adsnote       = {Provided by the SAO/NASA Astrophysics Data System},
  adsurl        = {https://ui.adsabs.harvard.edu/abs/2013ApJ...772..150J},
  archiveprefix = {arXiv},
  doi           = {10.1088/0004-637X/772/2/150},
  eid           = {150},
  eprint        = {1306.2030},
  keywords      = {nuclear reactions, nucleosynthesis, abundances, stars: AGB and post-AGB, stars: evolution, stars: neutron, supernovae: general, Astrophysics - Solar and Stellar Astrophysics},
  primaryclass  = {astro-ph.SR},
}

@Article{Wongwathanarat2013,
  author        = {{Wongwathanarat}, A. and {Janka}, H. -Th. and {M{\"u}ller}, E.},
  title         = {{Three-dimensional neutrino-driven supernovae: Neutron star kicks, spins, and asymmetric ejection of nucleosynthesis products}},
  journal       = {\aap},
  year          = {2013},
  volume        = {552},
  pages         = {A126},
  month         = {Apr},
  adsnote       = {Provided by the SAO/NASA Astrophysics Data System},
  adsurl        = {https://ui.adsabs.harvard.edu/abs/2013A&A...552A.126W},
  archiveprefix = {arXiv},
  doi           = {10.1051/0004-6361/201220636},
  eid           = {A126},
  eprint        = {1210.8148},
  keywords      = {supernovae: general, stars: neutron, pulsars: general, hydrodynamics, neutrinos, Astrophysics - High Energy Astrophysical Phenomena, High Energy Physics - Phenomenology},
  primaryclass  = {astro-ph.HE},
}

@Article{Janka2012,
  author        = {{Janka}, Hans-Thomas and {Hanke}, Florian and {H{\"u}depohl}, Lorenz and {Marek}, Andreas and {M{\"u}ller}, Bernhard and {Obergaulinger}, Martin},
  title         = {{Core-collapse supernovae: Reflections and directions}},
  journal       = {Progress of Theoretical and Experimental Physics},
  year          = {2012},
  volume        = {2012},
  number        = {1},
  pages         = {01A309},
  month         = {Dec},
  adsnote       = {Provided by the SAO/NASA Astrophysics Data System},
  adsurl        = {https://ui.adsabs.harvard.edu/abs/2012PTEP.2012aA309J},
  archiveprefix = {arXiv},
  doi           = {10.1093/ptep/pts067},
  eid           = {01A309},
  eprint        = {1211.1378},
  keywords      = {Astrophysics - Solar and Stellar Astrophysics},
  primaryclass  = {astro-ph.SR},
}

@Article{Ugliano2012,
  author        = {{Ugliano}, Marcella and {Janka}, Hans-Thomas and {Marek}, Andreas and {Arcones}, Almudena},
  title         = {{Progenitor-explosion Connection and Remnant Birth Masses for Neutrino-driven Supernovae of Iron-core Progenitors}},
  journal       = {\apj},
  year          = {2012},
  volume        = {757},
  number        = {1},
  pages         = {69},
  month         = {Sep},
  adsnote       = {Provided by the SAO/NASA Astrophysics Data System},
  adsurl        = {https://ui.adsabs.harvard.edu/abs/2012ApJ...757...69U},
  archiveprefix = {arXiv},
  doi           = {10.1088/0004-637X/757/1/69},
  eid           = {69},
  eprint        = {1205.3657},
  keywords      = {stars: evolution, stars: massive, stars: neutron, supernovae: general, Astrophysics - Solar and Stellar Astrophysics},
  primaryclass  = {astro-ph.SR},
}

@InProceedings{Wongwathanarat2012,
  author    = {{Wongwathanarat}, A. and {Janka}, H. and {M{\"u}ller}, E.},
  title     = {{Three-dimensional Core-Collapse Supernova Simulations on the Yin-Yang Grid}},
  booktitle = {Advances in Computational Astrophysics: Methods, Tools, and Outcome},
  year      = {2012},
  editor    = {{Capuzzo-Dolcetta}, R. and {Limongi}, M. and {Tornamb{\`e}}, A.},
  volume    = {453},
  series    = {Astronomical Society of the Pacific Conference Series},
  pages     = {95},
  month     = {Jul},
  adsnote   = {Provided by the SAO/NASA Astrophysics Data System},
  adsurl    = {https://ui.adsabs.harvard.edu/abs/2012ASPC..453...95W},
}

@Misc{Lattimer2012,
  author        = {{Lattimer}, James M. and {Swesty}, F. Douglas},
  title         = {{Lattimer-Swesty Equation of State Code}},
  month         = {Feb},
  year          = {2012},
  adsnote       = {Provided by the SAO/NASA Astrophysics Data System},
  adsurl        = {https://ui.adsabs.harvard.edu/abs/2012ascl.soft02011L},
  archiveprefix = {ascl},
  eid           = {ascl:1202.011},
  eprint        = {1202.011},
  keywords      = {Software},
  pages         = {ascl:1202.011},
}

@Article{OConnor2011,
  author        = {{O'Connor}, Evan and {Ott}, Christian D.},
  title         = {{Black Hole Formation in Failing Core-Collapse Supernovae}},
  journal       = {\apj},
  year          = {2011},
  volume        = {730},
  number        = {2},
  pages         = {70},
  month         = {Apr},
  adsnote       = {Provided by the SAO/NASA Astrophysics Data System},
  adsurl        = {https://ui.adsabs.harvard.edu/abs/2011ApJ...730...70O},
  archiveprefix = {arXiv},
  doi           = {10.1088/0004-637X/730/2/70},
  eid           = {70},
  eprint        = {1010.5550},
  keywords      = {black hole physics, equation of state, hydrodynamics, neutrinos, stars: evolution, stars: mass-loss, stars: neutron, supernovae: general, Astrophysics - High Energy Astrophysical Phenomena, Astrophysics - Solar and Stellar Astrophysics, General Relativity and Quantum Cosmology},
  primaryclass  = {astro-ph.HE},
}

@Article{Arcones2011,
  author        = {{Arcones}, A. and {Janka}, H. -Th.},
  title         = {{Nucleosynthesis-relevant conditions in neutrino-driven supernova outflows. II. The reverse shock in two-dimensional simulations}},
  journal       = {\aap},
  year          = {2011},
  volume        = {526},
  pages         = {A160},
  month         = {Feb},
  adsnote       = {Provided by the SAO/NASA Astrophysics Data System},
  adsurl        = {https://ui.adsabs.harvard.edu/abs/2011A&A...526A.160A},
  archiveprefix = {arXiv},
  doi           = {10.1051/0004-6361/201015530},
  eid           = {A160},
  eprint        = {1008.0882},
  keywords      = {supernovae: general, neutrinos, nuclear reactions, nucleosynthesis, abundances, hydrodynamics, Astrophysics - Solar and Stellar Astrophysics},
  primaryclass  = {astro-ph.SR},
}

@Article{Heger2010,
  author        = {{Heger}, Alexander and {Woosley}, S.~E.},
  title         = {{Nucleosynthesis and Evolution of Massive Metal-free Stars}},
  journal       = {\apj},
  year          = {2010},
  volume        = {724},
  number        = {1},
  pages         = {341-373},
  month         = {Nov},
  adsnote       = {Provided by the SAO/NASA Astrophysics Data System},
  adsurl        = {https://ui.adsabs.harvard.edu/abs/2010ApJ...724..341H},
  archiveprefix = {arXiv},
  doi           = {10.1088/0004-637X/724/1/341},
  eprint        = {0803.3161},
  keywords      = {early universe, Galaxy: abundances, nuclear reactions, nucleosynthesis, abundances, stars: abundances, stars: evolution, supernovae: general, Astrophysics},
  primaryclass  = {astro-ph},
}

@Article{Hammer2010,
  author        = {{Hammer}, N.~J. and {Janka}, H. -Th. and {M{\"u}ller}, E.},
  title         = {{Three-dimensional Simulations of Mixing Instabilities in Supernova Explosions}},
  journal       = {\apj},
  year          = {2010},
  volume        = {714},
  number        = {2},
  pages         = {1371-1385},
  month         = {May},
  adsnote       = {Provided by the SAO/NASA Astrophysics Data System},
  adsurl        = {https://ui.adsabs.harvard.edu/abs/2010ApJ...714.1371H},
  archiveprefix = {arXiv},
  doi           = {10.1088/0004-637X/714/2/1371},
  eprint        = {0908.3474},
  keywords      = {hydrodynamics, instabilities, shock waves, supernovae: general, Astrophysics - Solar and Stellar Astrophysics},
  primaryclass  = {astro-ph.SR},
}

@Article{Guilet2010,
  author        = {{Guilet}, J{\'e}r{\^o}me and {Sato}, Jun'ichi and {Foglizzo}, Thierry},
  title         = {{The Saturation of SASI by Parasitic Instabilities}},
  journal       = {\apj},
  year          = {2010},
  volume        = {713},
  number        = {2},
  pages         = {1350-1362},
  month         = {Apr},
  adsnote       = {Provided by the SAO/NASA Astrophysics Data System},
  adsurl        = {https://ui.adsabs.harvard.edu/abs/2010ApJ...713.1350G},
  archiveprefix = {arXiv},
  doi           = {10.1088/0004-637X/713/2/1350},
  eprint        = {0910.3953},
  keywords      = {hydrodynamics, instabilities, shock waves, supernovae: general, Astrophysics - Solar and Stellar Astrophysics, Astrophysics - High Energy Astrophysical Phenomena},
  primaryclass  = {astro-ph.SR},
}

@Article{Janka2008,
  author        = {{Janka}, H. -Th. and {M{\"u}ller}, B. and {Kitaura}, F.~S. and {Buras}, R.},
  title         = {{Dynamics of shock propagation and nucleosynthesis conditions in O-Ne-Mg core supernovae}},
  journal       = {\aap},
  year          = {2008},
  volume        = {485},
  number        = {1},
  pages         = {199-208},
  month         = {Jul},
  adsnote       = {Provided by the SAO/NASA Astrophysics Data System},
  adsurl        = {https://ui.adsabs.harvard.edu/abs/2008A&A...485..199J},
  archiveprefix = {arXiv},
  doi           = {10.1051/0004-6361:20079334},
  eprint        = {0712.4237},
  keywords      = {supernovae: general, hydrodynamics, nuclear reactions, nucleosynthesis, abundances, Astrophysics},
  primaryclass  = {astro-ph},
}

@Article{Poelarends2008,
  author        = {{Poelarends}, A.~J.~T. and {Herwig}, F. and {Langer}, N. and {Heger}, A.},
  title         = {{The Supernova Channel of Super-AGB Stars}},
  journal       = {\apj},
  year          = {2008},
  volume        = {675},
  number        = {1},
  pages         = {614-625},
  month         = {Mar},
  adsnote       = {Provided by the SAO/NASA Astrophysics Data System},
  adsurl        = {https://ui.adsabs.harvard.edu/abs/2008ApJ...675..614P},
  archiveprefix = {arXiv},
  doi           = {10.1086/520872},
  eprint        = {0705.4643},
  keywords      = {stars: AGB and post-AGB, stars: evolution, stars: neutron, supernovae: general, Astrophysics},
  primaryclass  = {astro-ph},
}

@Article{Scheck2008,
  author        = {{Scheck}, L. and {Janka}, H. -Th. and {Foglizzo}, T. and {Kifonidis}, K.},
  title         = {{Multidimensional supernova simulations with approximative neutrino transport. II. Convection and the advective-acoustic cycle in the supernova core}},
  journal       = {\aap},
  year          = {2008},
  volume        = {477},
  number        = {3},
  pages         = {931-952},
  month         = {Jan},
  adsnote       = {Provided by the SAO/NASA Astrophysics Data System},
  adsurl        = {https://ui.adsabs.harvard.edu/abs/2008A&A...477..931S},
  archiveprefix = {arXiv},
  doi           = {10.1051/0004-6361:20077701},
  eprint        = {0704.3001},
  keywords      = {hydrodynamics, instabilities, shock waves, neutrinos, stars: supernovae: general, Astrophysics},
  primaryclass  = {astro-ph},
}

@Article{Siess2007,
  author   = {{Siess}, L.},
  title    = {{Evolution of massive AGB stars. II. model properties at non-solar metallicity and the fate of Super-AGB stars}},
  journal  = {\aap},
  year     = {2007},
  volume   = {476},
  number   = {2},
  pages    = {893-909},
  month    = {Dec},
  adsnote  = {Provided by the SAO/NASA Astrophysics Data System},
  adsurl   = {https://ui.adsabs.harvard.edu/abs/2007A&A...476..893S},
  doi      = {10.1051/0004-6361:20078132},
  keywords = {stars: evolution, stars: AGB and post-AGB, stars: supernovae: general, stars: white dwarfs, stars:, mass-loss},
}

@Article{Arcones2007,
  author        = {{Arcones}, A. and {Janka}, H. -Th. and {Scheck}, L.},
  title         = {{Nucleosynthesis-relevant conditions in neutrino-driven supernova outflows. I. Spherically symmetric hydrodynamic simulations}},
  journal       = {\aap},
  year          = {2007},
  volume        = {467},
  number        = {3},
  pages         = {1227-1248},
  month         = {Jun},
  adsnote       = {Provided by the SAO/NASA Astrophysics Data System},
  adsurl        = {https://ui.adsabs.harvard.edu/abs/2007A&A...467.1227A},
  archiveprefix = {arXiv},
  doi           = {10.1051/0004-6361:20066983},
  eprint        = {astro-ph/0612582},
  keywords      = {supernovae: general, neutrinos, nuclear reactions, nucleosynthesis, abundances, hydrodynamics, Astrophysics},
  primaryclass  = {astro-ph},
}

@Article{Scheck2006,
  author        = {{Scheck}, L. and {Kifonidis}, K. and {Janka}, H. -Th. and {M{\"u}ller}, E.},
  title         = {{Multidimensional supernova simulations with approximative neutrino transport. I. Neutron star kicks and the anisotropy of neutrino-driven explosions in two spatial dimensions}},
  journal       = {\aap},
  year          = {2006},
  volume        = {457},
  number        = {3},
  pages         = {963-986},
  month         = {Oct},
  adsnote       = {Provided by the SAO/NASA Astrophysics Data System},
  adsurl        = {https://ui.adsabs.harvard.edu/abs/2006A&A...457..963S},
  archiveprefix = {arXiv},
  doi           = {10.1051/0004-6361:20064855},
  eprint        = {astro-ph/0601302},
  keywords      = {hydrodynamics, instabilities, radiative transfer, neutrinos, stars: supernovae: general, pulsars: general, Astrophysics},
  primaryclass  = {astro-ph},
}

@Article{Kifonidis2006,
  author        = {{Kifonidis}, K. and {Plewa}, T. and {Scheck}, L. and {Janka}, H. -Th. and {M{\"u}ller}, E.},
  title         = {{Non-spherical core collapse supernovae. II. The late-time evolution of globally anisotropic neutrino-driven explosions and their implications for SN 1987 A}},
  journal       = {\aap},
  year          = {2006},
  volume        = {453},
  number        = {2},
  pages         = {661-678},
  month         = {Jul},
  adsnote       = {Provided by the SAO/NASA Astrophysics Data System},
  adsurl        = {https://ui.adsabs.harvard.edu/abs/2006A&A...453..661K},
  archiveprefix = {arXiv},
  doi           = {10.1051/0004-6361:20054512},
  eprint        = {astro-ph/0511369},
  keywords      = {hydrodynamics, instabilities, nucleosynthesis, shock waves, supernovae: general, Astrophysics},
  primaryclass  = {astro-ph},
}

@Article{Kitaura2006,
  author        = {{Kitaura}, F.~S. and {Janka}, H. -Th. and {Hillebrandt}, W.},
  title         = {{Explosions of O-Ne-Mg cores, the Crab supernova, and subluminous type II-P supernovae}},
  journal       = {\aap},
  year          = {2006},
  volume        = {450},
  number        = {1},
  pages         = {345-350},
  month         = {Apr},
  adsnote       = {Provided by the SAO/NASA Astrophysics Data System},
  adsurl        = {https://ui.adsabs.harvard.edu/abs/2006A&A...450..345K},
  archiveprefix = {arXiv},
  doi           = {10.1051/0004-6361:20054703},
  eprint        = {astro-ph/0512065},
  keywords      = {stars: supernovae: general, stars: supernovae: individual: Crab, neutrinos, hydrodynamics, radiative transfer, Astrophysics},
  primaryclass  = {astro-ph},
}

@Article{Kageyama2004,
  author        = {{Kageyama}, Akira and {Sato}, Tetsuya},
  title         = {{``Yin-Yang grid'': An overset grid in spherical geometry}},
  journal       = {Geochemistry, Geophysics, Geosystems},
  year          = {2004},
  volume        = {5},
  number        = {9},
  pages         = {Q09005},
  month         = {Sep},
  adsnote       = {Provided by the SAO/NASA Astrophysics Data System},
  adsurl        = {https://ui.adsabs.harvard.edu/abs/2004GGG.....5.9005K},
  archiveprefix = {arXiv},
  doi           = {10.1029/2004GC000734},
  eid           = {Q09005},
  eprint        = {physics/0403123},
  keywords      = {Mathematical Geophysics: Numerical solutions, Planetology: Fluid Planets: Interiors (8147), Planetology: Fluid Planets: Magnetic fields and magnetism, Physics - Geophysics, Physics - Computational Physics},
  primaryclass  = {physics.geo-ph},
}

@Article{Kifonidis2003,
  author        = {{Kifonidis}, K. and {Plewa}, T. and {Janka}, H. -Th. and {M{\"u}ller}, E.},
  title         = {{Non-spherical core collapse supernovae. I. Neutrino-driven convection, Rayleigh-Taylor instabilities, and the formation and propagation of metal clumps}},
  journal       = {\aap},
  year          = {2003},
  volume        = {408},
  pages         = {621-649},
  month         = {Sep},
  adsnote       = {Provided by the SAO/NASA Astrophysics Data System},
  adsurl        = {https://ui.adsabs.harvard.edu/abs/2003A&A...408..621K},
  archiveprefix = {arXiv},
  doi           = {10.1051/0004-6361:20030863},
  eprint        = {astro-ph/0302239},
  keywords      = {hydrodynamics, instabilities, nuclear reactions, nucleosynthesis abundances, shock waves, stars: supernovae: general, Astrophysics},
  primaryclass  = {astro-ph},
}

@Article{Lattimer2000,
  author        = {{Lattimer}, J.~M. and {Prakash}, M.},
  title         = {{Nuclear matter and its role in supernovae, neutron stars and compact object binary mergers}},
  journal       = {\physrep},
  year          = {2000},
  volume        = {333},
  pages         = {121-146},
  month         = {Aug},
  adsnote       = {Provided by the SAO/NASA Astrophysics Data System},
  adsurl        = {https://ui.adsabs.harvard.edu/abs/2000PhR...333..121L},
  archiveprefix = {arXiv},
  doi           = {10.1016/S0370-1573(00)00019-3},
  eprint        = {astro-ph/0002203},
  keywords      = {Astrophysics, Nuclear Theory},
  primaryclass  = {astro-ph},
}

@Article{Kifonidis2000,
  author        = {{Kifonidis}, K. and {Plewa}, T. and {Janka}, H. -Th. and {M{\"u}ller}, E.},
  title         = {{Nucleosynthesis and Clump Formation in a Core-Collapse Supernova}},
  journal       = {\apj},
  year          = {2000},
  volume        = {531},
  number        = {2},
  pages         = {L123-L126},
  month         = {Mar},
  adsnote       = {Provided by the SAO/NASA Astrophysics Data System},
  adsurl        = {https://ui.adsabs.harvard.edu/abs/2000ApJ...531L.123K},
  archiveprefix = {arXiv},
  doi           = {10.1086/312541},
  eprint        = {astro-ph/9911183},
  keywords      = {HYDRODYNAMICS, INSTABILITIES, NUCLEAR REACTIONS, NUCLEOSYNTHESIS, ABUNDANCES, SHOCK WAVES, STARS: SUPERNOVAE: GENERAL, Astrophysics},
  primaryclass  = {astro-ph},
}

@Article{Timmes1999,
  author   = {{Timmes}, F.~X. and {Arnett}, Dave},
  title    = {{The Accuracy, Consistency, and Speed of Five Equations of State for Stellar Hydrodynamics}},
  journal  = {\apjs},
  year     = {1999},
  volume   = {125},
  number   = {1},
  pages    = {277-294},
  month    = {Nov},
  adsnote  = {Provided by the SAO/NASA Astrophysics Data System},
  adsurl   = {https://ui.adsabs.harvard.edu/abs/1999ApJS..125..277T},
  doi      = {10.1086/313271},
  keywords = {EQUATION OF STATE, HYDRODYNAMICS, METHODS: NUMERICAL, STARS: GENERAL, STARS: INTERIORS, Equation of State, Hydrodynamics, Methods: Numerical, Stars: General, Stars: Interiors},
}

@Article{Truelove1999,
  author   = {{Truelove}, J. Kelly and {McKee}, Christopher F.},
  title    = {{Evolution of Nonradiative Supernova Remnants}},
  journal  = {\apjs},
  year     = {1999},
  volume   = {120},
  number   = {2},
  pages    = {299-326},
  month    = {Feb},
  adsnote  = {Provided by the SAO/NASA Astrophysics Data System},
  adsurl   = {https://ui.adsabs.harvard.edu/abs/1999ApJS..120..299T},
  doi      = {10.1086/313176},
  keywords = {HYDRODYNAMICS, SHOCK WAVES, ISM: SUPERNOVA REMNANTS, STARS: SUPERNOVAE: GENERAL, Hydrodynamics, Shock Waves, ISM: Supernova Remnants, Stars: Supernovae: General},
}

@Article{Matzner1999,
  author        = {{Matzner}, Christopher D. and {McKee}, Christopher F.},
  title         = {{The Expulsion of Stellar Envelopes in Core-Collapse Supernovae}},
  journal       = {\apj},
  year          = {1999},
  volume        = {510},
  number        = {1},
  pages         = {379-403},
  month         = {Jan},
  adsnote       = {Provided by the SAO/NASA Astrophysics Data System},
  adsurl        = {https://ui.adsabs.harvard.edu/abs/1999ApJ...510..379M},
  archiveprefix = {arXiv},
  doi           = {10.1086/306571},
  eprint        = {astro-ph/9807046},
  keywords      = {HYDRODYNAMICS, SHOCK WAVES, STARS: INTERIORS, ISM: SUPERNOVA REMNANTS, STARS: SUPERNOVAE: GENERAL, STARS: SUPERNOVAE: INDIVIDUAL: ALPHANUMERIC: SN 1987A, Hydrodynamics, Shock Waves, Stars: Interiors, ISM: Supernova Remnants, Stars: Supernovae: General, Stars: Supernovae: Individual: Alphanumeric: SN 1987A, Astrophysics},
  primaryclass  = {astro-ph},
}

@Article{Mueller1991a,
  author   = {{Mueller}, E. and {Fryxell}, B. and {Arnett}, D.},
  title    = {{Instability and clumping in SN 1987A.}},
  journal  = {\aap},
  year     = {1991},
  volume   = {251},
  pages    = {505},
  month    = {Nov},
  adsnote  = {Provided by the SAO/NASA Astrophysics Data System},
  adsurl   = {https://ui.adsabs.harvard.edu/abs/1991A&A...251..505M},
  keywords = {Hydrodynamic Equations, Supernova Remnants, Supernova 1987a, Taylor Instability, Computational Astrophysics, Computerized Simulation, Radial Distribution, Radial Velocity, Two Dimensional Models, Astrophysics},
}

@InProceedings{Mueller1991,
  author    = {{M{\"u}ller}, E. and {Fryxell}, B. and {Arnett}, D.},
  title     = {{High Resolution Numerical Simulations of Instabilities, Mixing, and Clumping in Supernova 1987A}},
  booktitle = {European Southern Observatory Conference and Workshop Proceedings},
  year      = {1991},
  volume    = {37},
  pages     = {99},
  month     = {Jan},
  adsnote   = {Provided by the SAO/NASA Astrophysics Data System},
  adsurl    = {https://ui.adsabs.harvard.edu/abs/1991ESOC...37...99M},
}

@Article{Sedov1961,
  author  = {{Sedov}, L.~I. and {Friedman}, M. and {Holt}, M. and {Cole}, J.~D.},
  title   = {{Similarity and Dimensional Methods in Mechanics}},
  journal = {Journal of Applied Mechanics},
  year    = {1961},
  volume  = {28},
  number  = {1},
  pages   = {159},
  month   = {Jan},
  adsnote = {Provided by the SAO/NASA Astrophysics Data System},
  adsurl  = {https://ui.adsabs.harvard.edu/abs/1961JAM....28..159S},
  doi     = {10.1115/1.3640458},
}

@Article{Colgate1966,
  author        = {Colgate, S. A. and White, R. H.},
  title         = {The Hydrodynamic Behavior of Supernovae Explosions},
  journal       = {\apj},
  year          = {1966},
  volume        = {143},
  pages         = {626},
  month         = mar,
  __markedentry = {[georgstockinger:6]},
  abstract      = {Ve regard the release of gravitational energy attending a dynamic change in configuration to be the primary energy source in supernovae explosions. Although we were initially inspired by and agree in detail with the mechanism for initiating gravitational instability proposed by Burbidge, Burbidge, Fowler, and Hoyle, we find that the dynamical implosion is so violent that an energy many times greater than the available thermonuclear energy is released from the star's core and transferred to the star's mantle in a supernova explosion. The energy released corresponds to the change in gravitational potential of the unstable imploding core; the transfer of energy takes place by the emission and deposition of neutrinos.},
  doi           = {10.1086/148549},
  url           = {http://adsabs.harvard.edu/abs/1966ApJ...143..626C},
}

@Comment{jabref-meta: databaseType:bibtex;}
